<record><leader>00000cas a22000007a 4500</leader><controlfield tag="001">19737063</controlfield><controlfield tag="008">890519d19531966moudn ne      0    0eng d</controlfield><datafield ind1=" " ind2=" " tag="010"><subfield code="a">sn 89066135 </subfield></datafield><datafield ind1=" " ind2=" " tag="040"><subfield code="a">MQN</subfield><subfield code="b">eng</subfield><subfield code="c">MQN</subfield><subfield code="d">OCLCQ</subfield></datafield><datafield ind1=" " ind2=" " tag="042"><subfield code="a">msc</subfield></datafield><datafield ind1="0" ind2=" " tag="130"><subfield code="a">Daily news-bulletin (Brookfield, Mo.)</subfield></datafield><datafield ind1="1" ind2="4" tag="245"><subfield code="a">The daily news-bulletin.</subfield></datafield><datafield ind1=" " ind2=" " tag="260"><subfield code="a">Brookfield, Mo. :</subfield><subfield code="b">Brookfield Pub. Co.,</subfield><subfield code="c">1953-1966.</subfield></datafield><datafield ind1=" " ind2=" " tag="300"><subfield code="a">v.</subfield></datafield><datafield ind1=" " ind2=" " tag="310"><subfield code="a">Daily (except Sat., Sun., &amp; holidays)</subfield></datafield><datafield ind1="0" ind2=" " tag="362"><subfield code="a">Vol. 74, no. 182 (Jan. 2, 1953)-v. 87, no. 232 (Mar. 16, 1966).</subfield></datafield><datafield ind1=" " ind2=" " tag="752"><subfield code="a">United States</subfield><subfield code="b">Missouri</subfield><subfield code="c">Linn</subfield><subfield code="d">Brookfield.</subfield></datafield><datafield ind1="0" ind2="0" tag="780"><subfield code="t">Daily news-bulletin and the Linn County news</subfield><subfield code="w">(DLC)sn 89066134</subfield></datafield><datafield ind1="0" ind2="7" tag="785"><subfield code="t">Marceline news and the Bucklin herald</subfield><subfield code="w">(DLC)sn 88068067</subfield></datafield><datafield ind1="0" ind2="7" tag="785"><subfield code="t">Daily news-bulletin and the Marceline news, the Bucklin herald, the New Cambria leader</subfield><subfield code="w">(DLC)sn 89066136</subfield></datafield></record>